@article{Thattai2001a,
author = {Thattai, Mukund and van Oudenaarden, A.},
doi = {10.1073/pnas.151588598},
isbn = {0027-8424 (Print) 0027-8424 (Linking)},
issn = {0027-8424},
journal = {Proceedings of the National Academy of Sciences},
number = {15},
pages = {8614--8619},
pmid = {11438714},
title = {{Intrinsic noise in gene regulatory networks}},
url = {http://www.pnas.org/cgi/doi/10.1073/pnas.151588598},
volume = {98},
year = {2001}
}

@article{Golding2005,
author = {Golding, Ido and Paulsson, Johan and Zawilski, Scott M. and Cox, Edward C.},
doi = {10.1016/j.cell.2005.09.031},
isbn = {0092-8674},
issn = {00928674},
journal = {Cell},
number = {6},
pages = {1025--1036},
pmid = {16360033},
title = {{Real-time kinetics of gene activity in individual bacteria}},
volume = {123},
year = {2005}
}

@article{Berg1978,
author = {Berg, O G},
journal = {J. Theor. Biol.},
keywords = {cell division,cell-to-cell variability,heterogeneity,microbial population},
number = {4},
pages = {587--603},
title = {{A model for the statistical fluctuations of proteins numbers in a microbial population}},
volume = {71},
year = {1978}
}

@article{Elowitz2002,
author = {Elowitz, M B},
doi = {10.1126/science.1070919},
isbn = {0036-8075},
issn = {00368075},
journal = {Science},
month = {aug},
number = {5584},
pages = {1183--1186},
pmid = {12183631},
title = {{Stochastic Gene Expression in a Single Cell}},
url = {http://www.sciencemag.org/cgi/doi/10.1126/science.1070919},
volume = {297},
year = {2002}
}

@article{Tian2007a,
author = {Tian, Tianhai and Xu, Songlin and Gao, Junbin and Burrage, Kevin},
doi = {10.1093/bioinformatics/btl552},
isbn = {1367-4811 (Electronic)\n1367-4803 (Linking)},
issn = {13674803},
journal = {Bioinformatics},
number = {1},
pages = {84--91},
pmid = {17068087},
title = {{Simulated maximum likelihood method for estimating kinetic rates in gene expression}},
volume = {23},
year = {2007}
}

@article{Abramovitch2004,
author = {Abramovitch, Rinat and Tavor, Einat and Jacob-Hirsch, Jasmine and Zeira, Evelyne and Amariglio, Ninette and Pappo, Orit and Rechavi, Gideon and Galun, Eithan and Honigman, Alik},
doi = {10.1158/0008-5472.CAN-03-2089},
issn = {0008-5472},
journal = {Cancer Research},
month = {feb},
number = {4},
pages = {1338--1346},
pmid = {14973073},
title = {{A Pivotal Role of Cyclic AMP-Responsive Element Binding Protein in Tumor Progression}},
url = {http://cancerres.aacrjournals.org/cgi/doi/10.1158/0008-5472.CAN-03-2089 http://cancerres.aacrjournals.org/lookup/doi/10.1158/0008-5472.CAN-03-2089},
volume = {64},
year = {2004}
}

@article{Lewis1996,
author = {Lewis, Mitchell and Chang, Geoffrey and Horton, Nancy C. and Kercher, Michele A. and Pace, Helen C. and Schumacher, Maria A. and Brennan, Richard G. and Lu, Ponzy},
doi = {10.1126/science.271.5253.1247},
isbn = {0036-8075 (Print)},
issn = {0036-8075},
journal = {Science},
month = {mar},
number = {5253},
pages = {1247--1254},
pmid = {8638105},
title = {{Crystal Structure of the Lactose Operon Repressor and Its Complexes with DNA and Inducer}},
url = {http://www.sciencemag.org/cgi/doi/10.1126/science.271.5253.1247},
volume = {271},
year = {1996}
}

@article{Yildirim2003,
author = {Yildirim, Necmettin and Mackey, Michael C.},
doi = {10.1016/S0006-3495(03)70013-7},
isbn = {0006-3495 (Print)\r0006-3495 (Linking)},
issn = {00063495},
journal = {Biophysical Journal},
month = {may},
number = {5},
pages = {2841--2851},
pmid = {12719218},
publisher = {Elsevier},
title = {{Feedback Regulation in the Lactose Operon: A Mathematical Modeling Study and Comparison with Experimental Data}},
url = {http://dx.doi.org/10.1016/S0006-3495(03)70013-7 http://linkinghub.elsevier.com/retrieve/pii/S0006349503700137},
volume = {84},
year = {2003}
}


@article{Kuhlman2007,
archivePrefix = {arXiv},
arxivId = {q-bio.MN/0703056},
author = {Kuhlman, T. and Zhang, Z. and Saier, M. H. and Hwa, T.},
doi = {10.1073/pnas.0606717104},
eprint = {0703056},
isbn = {0027-8424 (Print)\n0027-8424 (Linking)},
issn = {0027-8424},
journal = {Proceedings of the National Academy of Sciences},
month = {apr},
number = {14},
pages = {6043--6048},
pmid = {17376875},
primaryClass = {q-bio.MN},
title = {{Combinatorial transcriptional control of the lactose operon of Escherichia coli}},
url = {http://www.pnas.org/cgi/doi/10.1073/pnas.0606717104},
volume = {104},
year = {2007}
}




