@article{Szederkenyi2011,
author = {Szederk{\'{e}}nyi, G{\'{a}}bor and Banga, Julio R. and Alonso, Antonio A.},
doi = {10.1186/1752-0509-5-177},
isbn = {1752-0509},
issn = {1752-0509},
journal = {BMC Systems Biology},
number = {1},
pages = {177},
pmid = {22034917},
title = {{Inference of complex biological networks: distinguishability issues and optimization-based solutions}},
url = {http://bmcsystbiol.biomedcentral.com/articles/10.1186/1752-0509-5-177},
volume = {5},
year = {2011}
}

@article{Friedman2000,
author = {Friedman, Nir and Linial, Michal and Nachman, Iftach and Pe'er, Dana},
doi = {10.1089/106652700750050961},
issn = {1066-5277},
journal = {Journal of Computational Biology},
keywords = {bayesian methods,gene expression,microarrays},
month = {aug},
number = {3-4},
pages = {601--620},
title = {{Using Bayesian Networks to Analyze Expression Data}},
url = {http://www.liebertpub.com/doi/10.1089/106652700750050961},
volume = {7},
year = {2000}
}

@inproceedings{Pan2012,
author = {Pan, Wei and Yuan, Ye and Goncalves, Jorge and Stan, Guy-bart},
booktitle = {2012 IEEE 51st IEEE Conference on Decision and Control (CDC)},
doi = {10.1109/CDC.2012.6426216},
isbn = {978-1-4673-2066-5},
issn = {01912216},
month = {dec},
pages = {2334--2339},
publisher = {IEEE},
title = {{Reconstruction of arbitrary biochemical reaction networks: A compressive sensing approach}},
url = {http://ieeexplore.ieee.org/document/6426216/},
year = {2012}
}

@article{Rogers2005,
author = {Rogers, Simon and Girolami, Mark},
doi = {10.1093/bioinformatics/bti487},
isbn = {1367-4803 (Linking)},
issn = {1367-4803},
journal = {Bioinformatics},
month = {jul},
number = {14},
pages = {3131--3137},
pmid = {15879452},
title = {{A Bayesian regression approach to the inference of regulatory networks from gene expression data}},
url = {https://academic.oup.com/bioinformatics/article-lookup/doi/10.1093/bioinformatics/bti487},
volume = {21},
year = {2005}
}

